% This file was created with JabRef 2.7b.
% Encoding: UTF8

%BOOKS=============================================================================================

@BOOK{longair2008,
   author =      "Longair, M.S.",
   title =       "Galaxy Formation",
   publisher =   "Springer",
   year =        2008,
   address =     "New York",
   edition =     "Second",
   isbn =        "978-3-540-73477-2"}
@BOOK{padmanabhan1995,
   author =      "Padmanabhan, T.",
   title =       "Structure Formation in the Universe",
   publisher =   "Cambridge University Press",
   year =        1995,
   address =     "Great Britain",
   edition =     "First",
   isbn =        "0-521-42486-0"}
@BOOK{weinberg1972,
   author =      "Weinberg, S.",
   title =       "Gravitation and Cosmology: Principles and Applications of the General Theory of Relativity",
   publisher =   "John Wiley \& Sons, Inc.",
   year =        1972,
   address =     "New York",
   edition =     "First",
   isbn =        "0-471-92567-5"}
@BOOK{pathria1996,
   author =      "Pathria, R.K.",
   title =       "Statistical Mechanics",
   publisher =   "Butterworth-Heinmann",
   year =        1996,
   address =     "Great Britain",
   edition =     "Second",
   isbn =        "0-7506-2409-8"}
@BOOK{jackson1999,
   author =      "Jackson, J.D.",
   title =       "Classical Electrodynamics",
   publisher =   "John Wiley \& Sons, Inc.",
   year =        1999,
   address =     "USA",
   edition =     "Third",
   isbn =        "0-471-30932-X"}
@BOOK{binney2008,
   author =      "Binney, J. and Tremaine, S.",
   title =       "Galactic Dynamics",
   publisher =   "Princenton University Press",
   year =        2008,
   address =     "USA",
   edition =     "Second",
   isbn =        "978-0-691-13027-9"}
@BOOK{pfalzner1996,
   author =      "Pfalzner, S. and Gibbon, P.",
   title =       "Many-Body Tree Methods in Physics",
   publisher =   "Cambridge University Press",
   year =        1996,
   address =     "USA",
   edition =     "First",
   isbn =        "0-521-49564-4"}
@BOOK{hockney1988,
   author =      "Hockney, R.W. and Eastwood, J.W.",
   title =       "Computer Simulation Using Particles",
   publisher =   "IOP Publishing Ltd",
   year =        1988,
   address =     "Great Britain",
   edition =     "First",
   isbn =        "0-85274-392-0"}
@BOOK{appel1985,
   author =      "Appel, A.W.",
   title =       "Undergraduate Thesis, Princenton University",
   publisher =   "SIAM J. Sci. Stat. Comput. 6, 85",
   year =        1985,
   address =     "",
   edition =     "",
   isbn =        ""}
@BOOK{porter1985,
   author =      "Porter, D.",
   title =       "PhD Thesis",
   publisher =   "University of California, Berkeley",
   year =        1985,
   address =     "",
   edition =     "",
   isbn =        ""}


%ARTICLES==========================================================================================

@ARTICLE{Herschel1785,
  author = 		 "Herschel, W.",
  title =		 "On the Construction of the Heavens",
  journal = 	 "Philosophical Transactions of the Royal Society of London",
  year = 		 1785,
  volume = 		 "75",
  pages = 		 "213--266",
  number = 		 "I",
  publisher = 	 {}}
@ARTICLE{Curtis1921,
  author = 		 "Curtis, H.",
  title =		 "The Scale of the Universe",
  journal = 	 "Bull. Nat. Res. Coun",
  year = 		 1921,
  volume = 		 "2",
  pages = 		 "171",
  number = 		 "",
  publisher = 	 {}}
@ARTICLE{Shapley1921,
  author = 		 "Shapley, H.",
  title =		 "The Scale of the Universe",
  journal = 	 "Bull. Nat. Res. Coun",
  year = 		 1921,
  volume = 		 "2",
  pages = 		 "164",
  number = 		 "",
  publisher = 	 {}}
@ARTICLE{Hubble1926,
  author = 		 "Hubble, E.P.",
  title =		 "Extragalactic Nebulae",
  journal = 	 "ApJ",
  year = 		 1926,
  volume = 		 "64",
  pages = 		 "321--369",
  number = 		 "",
  publisher = 	 {}}
@ARTICLE{Einstein1916,
  author = 		 "Einstein, A.",
  title =		 "Grundlage der allgemeinen Relativitätstheorie",
  journal = 	 "Annalen der Physik",
  year = 		 1916,
  volume = 		 "49",
  pages = 		 "769--822",
  number = 		 "4",
  publisher = 	 {}}
@ARTICLE{FriedmanA,
  author = 		 "Friedman, A.",
  title =		 "On the Curvature of Space",
  journal = 	 "General Relativity and Gravitation",
  year = 		 1999,
  volume = 		 "31",
  pages = 		 "1991",
  number = 		 "",
  publisher = 	 {}}
@ARTICLE{FriedmanB,
  author = 		 "Friedman, A.",
  title =		 "On the Possibility of a World wih Constant Negative Curvature of Space",
  journal = 	 "General Relativity and Gravitation",
  year = 		 1999,
  volume = 		 "31",
  pages = 		 "2009",
  number = 		 "",
  publisher = 	 {}}
@ARTICLE{WMAP7,
  author =		 "Jarosik, N. and others",
  title =		 "Seven-Year Wilkinson Microwave Anisotropy Probe (WMAP) Observations:
				  Sky Maps, Systematic Errors, and Basic Results",
  journal = 	 "ApJS",
  year = 		 2011,
  volume =		 "192",
  pages = 		 "14",
  number = 		 "",
  publisher = 	 {}}
@ARTICLE{dawson1983,
  author =		 "Dawson, J.M.",
  title =		 "Particle Simulation of Plasmas",
  journal = 	 "Reviews of Modern Physics",
  year = 		 1983,
  volume =		 "55",
  pages = 		 "403--447",
  number = 		 "",
  publisher = 	 {}}
@ARTICLE{barnes1986,
  author =		 "Barnes, J. and Hut, P.",
  title =		 "A hierarchical $O(N \log N)$ Force-Calculation Algorithm",
  journal = 	 "Nature",
  year = 		 1986,
  volume =		 "324",
  pages = 		 "446--449",
  number = 		 "",
  publisher = 	 {}}
@ARTICLE{klypin2011,
  author =		 "Klypin, A.A. and Trujillo-Gomez, S. and Primack, J.",
  title =		 "Dark Matter Halos in the Standard Cosmological Model: Results from the Bolshoi Simulation",
  journal = 	 "ApJ",
  year = 		 2011,
  volume =		 "740",
  pages = 		 "102",
  number = 		 "",
  publisher = 	 {}}
@ARTICLE{jernigan1985,
  author =		 "Jernigan, J.G.",
  title =		 "Dynamic of Star Clusters",
  journal = 	 "IAU Symposium 113",
  year = 		 1985,
  volume =		 "",
  pages = 		 "131",
  number = 		 "",
  publisher = 	 {}}
@ARTICLE{forero2013,
  author =		 "Forero-Romero, J.E. and Hoffman, Y. and Bustamante, S. and Gottlöber, S. and Yepes, G.",
  title =		 "The Kinematics of the Local Group in a Cosmological Context",
  journal = 	 "Accepted to publication in ApJ Letters",
  year = 		 2013,
  volume =		 "",
  pages = 		 "",
  number = 		 "",
  publisher = 	 {}}
@ARTICLE{Yoshisato2006,
  author =		 "Yoshisato, A. and Morikawa, M. and Gouda, N. and Mouri, H.",
  title =		 "Why is the Zel'dovich Approximation so Accurate?",
  journal = 	 "ApJ",
  year = 		 2006,
  volume =		 "637",
  pages = 		 "555--560",
  number = 		 "",
  publisher = 	 {}}
@ARTICLE{Klypin2003,
  author =		 "Klypin, A. and Hoffman, Y. and Kravtsov, A. and Gottlöber, S.",
  title =		 "Constrained Simulations of the Real Universe: the Local Supercluster",
  journal = 	 "ApJ",
  year = 		 2003,
  volume =		 "596",
  pages = 		 "19--33",
  number = 		 "",
  publisher = 	 {}}
@ARTICLE{Zaroubi1999,
  author =		 "Zaroubi, S. and Hoffman, Y. and Dekel, A.",
  title =		 "Wiener Reconstruction of Large-Scale Structure from Peculiar Velocities",
  journal = 	 "ApJ",
  year = 		 1999,
  volume =		 "520",
  pages = 		 "413--425",
  number = 		 "",
  publisher = 	 {}}
@ARTICLE{Hoffman1991,
  author =		 "Hoffman, Y. and Ribak, E.",
  title =		 "Constrained Realizations of Gaussian Fields: A Simple Algorithm",
  journal = 	 "ApJ",
  year = 		 1991,
  volume =		 "380",
  pages = 		 "L5--L8",
  number = 		 "",
  publisher = 	 {}}
@ARTICLE{Gottloeber2010,
  author =		 "Gottlöber, S. and Hoffman, Y. and Yepes, G.",
  title =		 "Constrained Local UniversE Simulations (CLUES)",
  journal = 	 "Proceedings of High Performance Computing in Science and Engineering",
  year = 		 2010,
  volume =		 "",
  pages = 		 "309--322",
  number = 		 "",
  publisher = 	 {}}
@ARTICLE{Hahn2007,
  author =		 "Hahn, O. and Porciani, C. and Carollo, M. and Dekel, A.",
  title =		 "Properties of Dark Matter Haloes in Clusters, Filaments, Sheets and Voids",
  journal = 	 "Mon.Not.Roy.Astron.Soc",
  year = 		 2007,
  volume =		 "375",
  pages = 		 "489--499",
  number = 		 "",
  publisher = 	 {}}
@ARTICLE{forero2008,
  author =		 "Forero-Romero, J. and Hoffman, Y. and Gottlöber, S. and Klypin, A. and Yepes, G.",
  title =		 "A Dynamical Classification of the Cosmic Web",
  journal = 	 "Mon.Not.Roy.Astron.Soc",
  year = 		 2009,
  volume =		 "396",
  pages = 		 "1815--1824",
  number = 		 "",
  publisher = 	 {}}
@ARTICLE{hoffman2012,
  author =		 "Hoffman, Y. and Metuki, O. and Yepes, G. and Gottlöber, G. and Forero-Romero, J. and Libeskind, N. and
  Knebe, A.",
  title =		 "A Kinematical Classification of the Cosmic Web",
  journal = 	 "Mon.Not.Roy.Astron.Soc",
  year = 		 2012,
  volume =		 "425",
  pages = 		 "2049--2057",
  number = 		 "",
  publisher = 	 {}}
@ARTICLE{forero2011,
  author =		 "Forero-Romero, J. and Hoffman, Y. and Yepes, G. and Gottlöber, S. and Piontek, R. and Klypin, A. and 		  Steinmetz, M.",
  title =		 "The dark matter assembly of the Local Group in constrained cosmological 
  simulations of a Lambda cold dark matter universe",
  journal = 	 "Mon.Not.Roy.Astron.Soc",
  year = 		 2011,
  volume =		 "417",
  pages = 		 "1434--1443",
  number = 		 "",
  publisher = 	 {}}
@ARTICLE{libeskind2013,
  author =		 "Libeskind, N. and Hoffman, Y. and Forero-Romero, J. and Gottlöber, S. and Knebe, A. and Steinmetz, M. 
  and Klypin, A.",
  title =		 "The velocity shear tensor: tracer of halo alignment",
  journal = 	 "Mon.Not.Roy.Astron.Soc",
  year = 		 2013,
  volume =		 "428",
  pages = 		 "2489--2499",
  number = 		 "",
  publisher = 	 {}}
@ARTICLE{lemson1999,
  author =		 "Lemson, G. and Kauffmann, G.",
  title =		 "Environmental Influences on Dark Matter Halos and Consequences for the Galaxies Within Them",
  journal = 	 "Mon.Not.Roy.Astron.Soc",
  year = 		 1999,
  volume =		 "302",
  pages = 		 "111",
  number = 		 "",
  publisher = 	 {}}
@ARTICLE{press1974,
  author =		 "Press, W. and Schechter, P.",
  title =		 "Formation of Galaxies and Clusters of Galaxies by Self-Similar Gravitational Condensation",
  journal = 	 "ApJ",
  year = 		 1974,
  volume =		 "187",
  pages = 		 "425--438",
  number = 		 "",
  publisher = 	 {}}
@ARTICLE{zeldovich1970,
  author =		 "Zeldovich, Y.B.",
  title =		 "Gravitational instability: an approximate theory for large density perturbations",
  journal = 	 "Astronomy and Astrophysics",
  year = 		 1970,
  volume =		 "5",
  pages = 		 "84--89",
  number = 		 "",
  publisher = 	 {}}